% Lineas de investigación orientadas al CloudComputing en Argentina
@article{encinas2018,
  author={Encinas, Diego and Jara, Jimena and Rosatto, David and Bond, Román and Belizán, Maximiliano and Morales, Martín},
  title={Performance de arquitecturas multiprocesador},
  subtitle={Técnicas de modelado y simulación en HPC y Cloud Computing},
  journaltitle={Workshop de Investigadores en Ciencias de la Computación},
  volume={XX},
  year={2018},
  pages={912--916},
  keywords={articulo}
}

@article{galarza2018,
  author={Galarza, Brian and Zaccardi, Gonzalo and Belizán, Maximiliano and Osio, Jorge and Duarte, David and Morales, Martín and Encinas, Diego},
  title={Performance de Cloud Computing para HPC},
  subtitle={Despliegue y seguridad},
  journaltitle={Workshop de Investigadores en Ciencias de la Computación},
  volume={XX},
  year={2018},
  pages={917--921},
  keywords={articulo}
}

@article{murazzo2015,
  author={Murazzo, Maria A.},
  title={Análisis de una Infraestructura Cloud Open Source},
  year={2015},
  keywords={articulo}
}

@article{murazzo2016,
  author={Murazzo, María A. and Castiglione, Federico and Medel, Diego and Tinetti, Fernando G. and Rodríguez, Nelson R.},
  title={Análisis de la migración del cómputo intensivo a un cloud privado con OpenStack},
  year={2016},
  keywords={articulo}
}

@article{martin2015,
  author={Martin, Adriana Elizabeth and Chávez, Sisana Beatriz and Murazzo, Maria Antonia and Rodríguez, Nelson R. and Valenzuela, Adriana},
  title={MongoDB en ambiente cloud híbrido con OpenStack},
  journaltitle={Workshop de Investigadores en Ciencias de la Computación},
  volume={XVII},
  year={2015},
  keywords={articulo}
}

%% Sedici pero no es de Argentina
@article{lopez-pires2018,
  author={López-Pires, Fabio and Barán, Benjamín and Pereira, Carolina and Velázquez, Marcelo and González, Osvaldo},
  title={Towards elastic virtual machine placement in overbooked OpenStack clouds under uncertainty},
  journaltitle={Jornadas de Cloud Computing y Big Data},
  number={6},
  year={2018},
  keywords={articulo}
}

@article{caliz2015,
  author={Cáliz Orpino, Rodolfo Arturo and Pérez Arteaga, Pedro Fabián and
    Pérez Castillo, José Nelson},
  title={Lessons learned in the design and implementation of a private cloud
    for high-performace computing using OpenStack in existing university
      infraestructure},
  journaltitle={2015 10th Computing Colombian Conference},
  number={10},
  year={2015},
  doi={10.1109/ColumbianCC.2015.7333473},
  keywords={articulo}
}


% Misc
@misc{m-1,
  title={SoundCloud},
  url={https://www.soundcloud.com},
  keywords={web-oficial}
}

@misc{m-2,
  title={BandCamp},
  url={https://www.bandcamp.com},
  keywords={web-oficial}
}

@misc{m-3,
  title={Google Play Music},
  url={https://www.play.google.com},
  keywords={web-oficial}
}

@misc{m-4,
  title={Spotify},
  url={https://www.spotify.com},
  keywords={web-oficial}
}

@misc{m-5,
  title={YouTube},
  url={https://www.youtube.com},
  keywords={web-oficial}
}

@misc{m-6,
  title={Netflix},
  url={https://www.netflix.com},
  keywords={web-oficial}
}

@misc{m-7,
  title={HBO},
  url={https://www.hbomax.tv/hbo/},
  keywords={web-oficial}
}

@misc{m-8,
  title={Twitch},
  url={https://www.twitch.tv},
  keywords={web-oficial}
}

@misc{m-9,
  title={Instagram},
  url={https://www.instagram.com},
  keywords={web-oficial}
}

@misc{m-10,
  title={Pinterest},
  url={https://www.pinterest.com},
  keywords={web-oficial}
}

@misc{m-11,
  title={Imgur},
  url={https://www.imgur.com},
  keywords={web-oficial}
}

@misc{m-12,
  title={Google Docs},
  url={https://docs.google.com},
  keywords={web-oficial}
}

@misc{m-13,
  title={Google Slides},
  url={https://slides.google.com},
  keywords={web-oficial}
}

@misc{m-14,
  title={Google Sheets},
  url={https://sheets.google.com},
  keywords={web-oficial}
}

@misc{m-15,
  title={Office 365},
  url={https://www.office.com},
  keywords={web-oficial}
}

@misc{m-16,
  title={Gloud Gaming},
  url={https://gloud.games/campaign/argentina/},
  keywords={web-oficial}
}

@misc{m-17,
  title={Vortex},
  url={https://vortex.gg/},
  keywords={web-oficial}
}

@misc{m-18,
  title={Shadow},
  url={https://shadow.tech/int},
  keywords={web-oficial}
}

@misc{m-19,
  title={Google Drive},
  url={https://drive.google.com},
  keywords={web-oficial}
}

@misc{m-20,
  title={Dropbox},
  url={https://dropbox.com},
  keywords={web-oficial}
}

@misc{m-21,
  title={Mega},
  url={https://mega.nz/},
  keywords={web-oficial}
}

@misc{m-22,
  title={Mixlr},
  url={http://mixlr.com/},
  keywords={web-oficial}
}

@misc{m-23,
  title={See Interest over time on Google Trends for Cloud computing -
    Worldwide, 2004 - present},
  url={https://trends.google.com/trends/explore/TIMESERIES/1561585200?hl=en-US&tz=180&date=all&q=%2Fm%2F02y_9m3&sni=3},
  note={Consultado 26-06-2019},
  keywords={articulo}
}

@misc{aws,
  title={Amazon Web Services},
  url={https://aws.amazon.com/es/},
  keywords={web-oficial}
}

@misc{gce,
  title={Google Compute Engine},
  url={https://cloud.google.com/compute/},
  keywords={web-oficial}
}

@misc{ibm-cloud,
  title={IBM Cloud},
  url={https://cloud.ibm.com/},
  keywords={web-oficial}
}

% Online

@online{harper2019,
  author={Harper, Jelani},
  title={Trends in Cloud Computing},
  year={2019},
  url={https://aibusiness.com/2019-trends-cloud-computing/},
  keywords={articulo}
}





